% This file was created with JabRef 2.3.1.
% Encoding: UTF8

@ARTICLE{man:pcap,
  author = {TCPDump{}Team},
  title = {pcap Man Page},
  year = {2003},
  keywords = {man, pcap},
  owner = {muelli},
  timestamp = {2010.03.29}
}

